<?xml version="1.0" encoding="UTF-8"?><collection xmlns="http://www.loc.gov/MARC21/slim"><record><leader>00543nam--2200193-i-4500</leader><controlfield tag="001">000009446</controlfield><controlfield tag="002">20161230</controlfield><controlfield tag="005">20161230201028</controlfield><controlfield tag="008">060222s1000------------r-----000-0-eng-d</controlfield><datafield ind1=" " ind2=" " tag="040"><subfield code="a">IFIN-HH</subfield></datafield><datafield ind1=" " ind2=" " tag="080"><subfield code="a">621.375.826:535</subfield></datafield><datafield ind1="1" ind2=" " tag="100"><subfield code="a">Caulfield, H.J. And Sun Lu</subfield></datafield><datafield ind1="1" ind2="0" tag="245"><subfield code="a">The applications of holography</subfield><subfield code="c">H.j. caulfield, sun lu</subfield></datafield><datafield ind1=" " ind2=" " tag="260"><subfield code="a">TORONTO</subfield><subfield code="b">Wiley-interscience</subfield><subfield code="c">1970</subfield></datafield><datafield ind1=" " ind2=" " tag="300"><subfield code="a">XIII + 138 P</subfield></datafield><datafield ind1=" " ind2=" " tag="490"><subfield code="a">Wiley Series In Pure And Applied Optics</subfield></datafield><datafield ind1="1" ind2=" " tag="700"><subfield code="a">Lu, Sun</subfield></datafield><datafield ind1=" " ind2=" " tag="852"><subfield code="a">33741</subfield><subfield code="c">535</subfield></datafield><datafield ind1=" " ind2=" " tag="CAT"><subfield code="a">Sys</subfield><subfield code="c">20101027</subfield><subfield code="h">154001</subfield></datafield></record></collection>